@article{DBLP:journals/entcs/EenS03,
  author    = {Niklas E{\'{e}}n and
               Niklas S{\"{o}}rensson},
  title     = {Temporal induction by incremental {SAT} solving},
  journal   = {Electr. Notes Theor. Comput. Sci.},
  volume    = {89},
  number    = {4},
  pages     = {543--560},
  year      = {2003},
  url       = {https://doi.org/10.1016/S1571-0661(05)82542-3},
  timestamp = {Sun, 28 May 2017 13:22:54 +0200},
  biburl    = {https://dblp.org/rec/bib/journals/entcs/EenS03},
  bibsource = {dblp computer science bibliography, https://dblp.org}
}

@inproceedings{DBLP:conf/fmcad/EenMA10,
  author    = {Niklas E{\'{e}}n and
               Alan Mishchenko and
               Nina Amla},
  title     = {A single-instance incremental {SAT} formulation of proof- and counterexample-based
               abstraction},
  booktitle = {Proceedings of 10th International Conference on Formal Methods in
               Computer-Aided Design, {FMCAD} 2010, Lugano, Switzerland, October
               20-23},
  pages     = {181--188},
  year      = {2010},
  url       = {http://ieeexplore.ieee.org/document/5770948/},
  timestamp = {Sun, 30 Apr 2017 19:20:05 +0200},
  biburl    = {https://dblp.org/rec/bib/conf/fmcad/EenMA10},
  bibsource = {dblp computer science bibliography, https://dblp.org}
}
                  
@inproceedings{DBLP:conf/fmcad/ClaessenS12,
  author    = {Koen Claessen and
               Niklas S{\"{o}}rensson},
  title     = {A liveness checking algorithm that counts},
  booktitle = {Formal Methods in Computer-Aided Design, {FMCAD} 2012, Cambridge,
               UK, October 22-25, 2012},
  pages     = {52--59},
  year      = {2012},
  url       = {http://ieeexplore.ieee.org/document/6462555/},
  timestamp = {Sat, 29 Apr 2017 16:20:33 +0200},
  biburl    = {https://dblp.org/rec/bib/conf/fmcad/ClaessenS12},
  bibsource = {dblp computer science bibliography, https://dblp.org}
}

@article{DBLP:journals/todaes/CabodiLMKW10,
  author    = {Gianpiero Cabodi and
               Luciano Lavagno and
               Marco Murciano and
               Alex Kondratyev and
               Yosinori Watanabe},
  title     = {Speeding-up heuristic allocation, scheduling and binding with SAT-based
               abstraction/refinement techniques},
  journal   = {{ACM} Trans. Design Autom. Electr. Syst.},
  volume    = {15},
  number    = {2},
  pages     = {12:1--12:34},
  year      = {2010},
  url       = {https://doi.org/10.1145/1698759.1698762},
  timestamp = {Tue, 06 Nov 2018 12:51:48 +0100},
  biburl    = {https://dblp.org/rec/bib/journals/todaes/CabodiLMKW10},
  bibsource = {dblp computer science bibliography, https://dblp.org}
}

@article{DBLP:journals/aicom/BelovLM12,
  author    = {Anton Belov and
               In{\^{e}}s Lynce and
               Jo{\~{a}}o Marques{-}Silva},
  title     = {Towards efficient {MUS} extraction},
  journal   = {{AI} Commun.},
  volume    = {25},
  number    = {2},
  pages     = {97--116},
  year      = {2012},
  url       = {https://doi.org/10.3233/AIC-2012-0523},
  timestamp = {Mon, 05 Jun 2017 12:38:28 +0200},
  biburl    = {https://dblp.org/rec/bib/journals/aicom/BelovLM12},
  bibsource = {dblp computer science bibliography, https://dblp.org}
}

@article{DBLP:journals/jsat/BelovM12,
  author    = {Anton Belov and
               Jo{\~{a}}o Marques{-}Silva},
  title     = {MUSer2: An Efficient {MUS} Extractor},
  journal   = {{JSAT}},
  volume    = {8},
  number    = {3/4},
  pages     = {123--128},
  year      = {2012},
  url       = {https://satassociation.org/jsat/index.php/jsat/article/view/101},
  timestamp = {Tue, 17 Apr 2018 11:13:04 +0200},
  biburl    = {https://dblp.org/rec/bib/journals/jsat/BelovM12},
  bibsource = {dblp computer science bibliography, https://dblp.org}
}

@article{DBLP:journals/constraints/LiffitonPMM16,
  author    = {Mark H. Liffiton and
               Alessandro Previti and
               Ammar Malik and
               Jo{\~{a}}o Marques{-}Silva},
  title     = {Fast, flexible {MUS} enumeration},
  journal   = {Constraints},
  volume    = {21},
  number    = {2},
  pages     = {223--250},
  year      = {2016},
  url       = {https://doi.org/10.1007/s10601-015-9183-0},
  timestamp = {Fri, 28 Sep 2018 12:48:40 +0200},
  biburl    = {https://dblp.org/rec/bib/journals/constraints/LiffitonPMM16},
  bibsource = {dblp computer science bibliography, https://dblp.org}
}

@inproceedings{DBLP:conf/cav/BacchusK15,
  author    = {Fahiem Bacchus and
               George Katsirelos},
  title     = {Using Minimal Correction Sets to More Efficiently Compute Minimal
               Unsatisfiable Sets},
  booktitle = {Computer Aided Verification - 27th International Conference, {CAV}
               2015, San Francisco, CA, USA, July 18-24, 2015, Proceedings, Part
               {II}},
  pages     = {70--86},
  year      = {2015},
  url       = {https://doi.org/10.1007/978-3-319-21668-3_5},
  timestamp = {Thu, 25 May 2017 00:39:07 +0200},
  biburl    = {https://dblp.org/rec/bib/conf/cav/BacchusK15},
  bibsource = {dblp computer science bibliography, https://dblp.org}
}

@inproceedings{DBLP:conf/aaai/BacchusDTK14,
  author    = {Fahiem Bacchus and
               Jessica Davies and
               Maria Tsimpoukelli and
               George Katsirelos},
  title     = {Relaxation Search: {A} Simple Way of Managing Optional Clauses},
  booktitle = {Proceedings of the Twenty-Eighth {AAAI} Conference on Artificial Intelligence,
               July 27 -31, 2014, Qu{\'{e}}bec City, Qu{\'{e}}bec, Canada.},
  pages     = {835--841},
  year      = {2014},
  url       = {http://www.aaai.org/ocs/index.php/AAAI/AAAI14/paper/view/8618},
  timestamp = {Thu, 31 Jul 2014 09:00:19 +0200},
  biburl    = {https://dblp.org/rec/bib/conf/aaai/BacchusDTK14},
  bibsource = {dblp computer science bibliography, https://dblp.org}
}

@inproceedings{DBLP:conf/sat/PrevitiMJM17,
  author    = {Alessandro Previti and
               Carlos Menc{\'{\i}}a and
               Matti J{\"{a}}rvisalo and
               Jo{\~{a}}o Marques{-}Silva},
  title     = {Improving {MCS} Enumeration via Caching},
  booktitle = {Theory and Applications of Satisfiability Testing - {SAT} 2017 - 20th
               International Conference, Melbourne, VIC, Australia, August 28 - September
               1, 2017, Proceedings},
  pages     = {184--194},
  year      = {2017},
  url       = {https://doi.org/10.1007/978-3-319-66263-3_12},
  timestamp = {Fri, 28 Sep 2018 12:48:40 +0200},
  biburl    = {https://dblp.org/rec/bib/conf/sat/PrevitiMJM17},
  bibsource = {dblp computer science bibliography, https://dblp.org}
}

@inproceedings{DBLP:conf/ijcai/MenciaPM15,
  author    = {Carlos Menc{\'{\i}}a and
               Alessandro Previti and
               Jo{\~{a}}o Marques{-}Silva},
  title     = {Literal-Based {MCS} Extraction},
  booktitle = {Proceedings of the Twenty-Fourth International Joint Conference on
               Artificial Intelligence, {IJCAI} 2015, Buenos Aires, Argentina, July
               25-31, 2015},
  pages     = {1973--1979},
  year      = {2015},
  url       = {http://ijcai.org/Abstract/15/280},
  timestamp = {Wed, 20 Jul 2016 15:18:06 +0200},
  biburl    = {https://dblp.org/rec/bib/conf/ijcai/MenciaPM15},
  bibsource = {dblp computer science bibliography, https://dblp.org}
}

@inproceedings{DBLP:conf/cp/MorgadoDM14,
  author    = {Ant{\'{o}}nio Morgado and
               Carmine Dodaro and
               Jo{\~{a}}o Marques{-}Silva},
  title     = {Core-Guided {MaxSAT} with Soft Cardinality Constraints},
  booktitle = {Principles and Practice of Constraint Programming - 20th International
               Conference, {CP} 2014, Lyon, France, September 8-12, 2014. Proceedings},
  pages     = {564--573},
  year      = {2014},
  url       = {https://doi.org/10.1007/978-3-319-10428-7_41},
  timestamp = {Fri, 28 Sep 2018 12:48:40 +0200},
  biburl    = {https://dblp.org/rec/bib/conf/cp/MorgadoDM14},
  bibsource = {dblp computer science bibliography, https://dblp.org}
}

@inproceedings{DBLP:conf/ijcai/AnsoteguiDG15,
  author    = {Carlos Ans{\'{o}}tegui and
               Fr{\'{e}}d{\'{e}}ric Didier and
               Joel Gab{\`{a}}s},
  title     = {Exploiting the Structure of Unsatisfiable Cores in MaxSAT},
  booktitle = {Proceedings of the Twenty-Fourth International Joint Conference on
               Artificial Intelligence, {IJCAI} 2015, Buenos Aires, Argentina, July
               25-31, 2015},
  pages     = {283--289},
  year      = {2015},
  url       = {http://ijcai.org/Abstract/15/046},
  timestamp = {Wed, 20 Jul 2016 15:18:06 +0200},
  biburl    = {https://dblp.org/rec/bib/conf/ijcai/AnsoteguiDG15},
  bibsource = {dblp computer science bibliography, https://dblp.org}
}

@inproceedings{DBLP:conf/cp/DaviesB13,
  author    = {Jessica Davies and
               Fahiem Bacchus},
  title     = {Postponing Optimization to Speed Up {MAXSAT} Solving},
  booktitle = {Principles and Practice of Constraint Programming - 19th International
               Conference, {CP} 2013, Uppsala, Sweden, September 16-20, 2013. Proceedings},
  pages     = {247--262},
  year      = {2013},
   url       = {https://doi.org/10.1007/978-3-642-40627-0_21},
  timestamp = {Tue, 26 Dec 2017 15:02:23 +0100},
  biburl    = {https://dblp.org/rec/bib/conf/cp/DaviesB13},
  bibsource = {dblp computer science bibliography, https://dblp.org}
}

@inproceedings{DBLP:conf/cp/DaviesB11,
  author    = {Jessica Davies and
               Fahiem Bacchus},
  title     = {Solving {MAXSAT} by Solving a Sequence of Simpler {SAT} Instances},
  booktitle = {Principles and Practice of Constraint Programming - {CP} 2011 - 17th
               International Conference, {CP} 2011, Perugia, Italy, September 12-16,
               2011. Proceedings},
  pages     = {225--239},
  year      = 2011,
  url       = {https://doi.org/10.1007/978-3-642-23786-7_19},
  timestamp = {Wed, 17 May 2017 14:24:33 +0200},
  biburl    = {https://dblp.org/rec/bib/conf/cp/DaviesB11},
  bibsource = {dblp computer science bibliography, https://dblp.org}
}

@inproceedings{DBLP:conf/aaai/NarodytskaB14,
  author    = {Nina Narodytska and
               Fahiem Bacchus},
  title     = {Maximum Satisfiability Using Core-Guided MaxSAT Resolution},
  booktitle = {Proceedings of the Twenty-Eighth {AAAI} Conference on Artificial Intelligence,
               July 27 -31, 2014, Qu{\'{e}}bec City, Qu{\'{e}}bec, Canada.},
  pages     = {2717--2723},
  year      = {2014},
  url       = {http://www.aaai.org/ocs/index.php/AAAI/AAAI14/paper/view/8513},
  timestamp = {Thu, 31 Jul 2014 09:00:19 +0200},
  biburl    = {https://dblp.org/rec/bib/conf/aaai/NarodytskaB14},
  bibsource = {dblp computer science bibliography, https://dblp.org}
}

@inproceedings{DBLP:conf/sat/MartinsML14,
  author    = {Ruben Martins and
               Vasco M. Manquinho and
               In{\^{e}}s Lynce},
  title     = {Open-WBO: {A} Modular MaxSAT Solver,},
  booktitle = {Theory and Applications of Satisfiability Testing - {SAT} 2014 - 17th
               International Conference, Held as Part of the Vienna Summer of Logic,
               {VSL} 2014, Vienna, Austria, July 14-17, 2014. Proceedings},
  pages     = {438--445},
  year      = {2014},
  url       = {https://doi.org/10.1007/978-3-319-09284-3_33},
  timestamp = {Thu, 15 Jun 2017 21:39:14 +0200},
  biburl    = {https://dblp.org/rec/bib/conf/sat/MartinsML14},
  bibsource = {dblp computer science bibliography, https://dblp.org}
}

@inproceedings{DBLP:conf/ijcai/AlvianoDR15,
  author    = {Mario Alviano and
               Carmine Dodaro and
               Francesco Ricca},
  title     = {A MaxSAT Algorithm Using Cardinality Constraints of Bounded Size},
  booktitle = {Proceedings of the Twenty-Fourth International Joint Conference on
               Artificial Intelligence, {IJCAI} 2015, Buenos Aires, Argentina, July
               25-31, 2015},
  pages     = {2677--2683},
  year      = {2015},
  url       = {http://ijcai.org/Abstract/15/379},
  timestamp = {Wed, 20 Jul 2016 15:18:06 +0200},
  biburl    = {https://dblp.org/rec/bib/conf/ijcai/AlvianoDR15},
  bibsource = {dblp computer science bibliography, https://dblp.org}
}

@inproceedings{DBLP:conf/sat/SaikkoBJ16,
  author    = {Paul Saikko and
               Jeremias Berg and
               Matti J{\"{a}}rvisalo},
  title     = {{LMHS:} {A} {SAT-IP} Hybrid MaxSAT Solver},
  booktitle = {Theory and Applications of Satisfiability Testing - {SAT} 2016 - 19th
               International Conference, Bordeaux, France, July 5-8, 2016, Proceedings},
  pages     = {539--546},
  year      = {2016},
  url       = {https://doi.org/10.1007/978-3-319-40970-2_34},
  timestamp = {Fri, 02 Nov 2018 09:46:33 +0100},
  biburl    = {https://dblp.org/rec/bib/conf/sat/SaikkoBJ16},
  bibsource = {dblp computer science bibliography, https://dblp.org}
}

@inproceedings{DBLP:conf/sat/LagniezB13,
  author    = {Jean{-}Marie Lagniez and
               Armin Biere},
  title     = {Factoring Out Assumptions to Speed Up {MUS} Extraction},
  booktitle = {Theory and Applications of Satisfiability Testing - {SAT} 2013 - 16th
               International Conference, Helsinki, Finland, July 8-12, 2013. Proceedings},
  pages     = {276--292},
  year      = {2013},
  url       = {https://doi.org/10.1007/978-3-642-39071-5_21},
  timestamp = {Thu, 15 Jun 2017 21:39:14 +0200},
  biburl    = {https://dblp.org/rec/bib/conf/sat/LagniezB13},
  bibsource = {dblp computer science bibliography, https://dblp.org}
}

@inproceedings{DBLP:conf/sat/NadelRS14,
  author    = {Alexander Nadel and
               Vadim Ryvchin and
               Ofer Strichman},
  title     = {Ultimately Incremental {SAT}},
  booktitle = {Theory and Applications of Satisfiability Testing - {SAT} 2014 - 17th
               International Conference, Held as Part of the Vienna Summer of Logic,
               {VSL} 2014, Vienna, Austria, July 14-17, 2014. Proceedings},
  pages     = {206--218},
  year      = {2014},
  url       = {https://doi.org/10.1007/978-3-319-09284-3_16},
  timestamp = {Tue, 23 May 2017 01:08:19 +0200},
  biburl    = {https://dblp.org/rec/bib/conf/sat/NadelRS14},
  bibsource = {dblp computer science bibliography, https://dblp.org}
}

@inproceedings{DBLP:conf/sat/NadelR12,
  author    = {Alexander Nadel and
               Vadim Ryvchin},
  title     = {Efficient {SAT} Solving under Assumptions},
  booktitle = {Theory and Applications of Satisfiability Testing - {SAT} 2012 - 15th
               International Conference, Trento, Italy, June 17-20, 2012. Proceedings},
  pages     = {242--255},
  year      = {2012},
  url       = {https://doi.org/10.1007/978-3-642-31612-8_19},
  timestamp = {Mon, 05 Jun 2017 12:41:04 +0200},
  biburl    = {https://dblp.org/rec/bib/conf/sat/NadelR12},
  bibsource = {dblp computer science bibliography, https://dblp.org}
}
                  
@article{DBLP:journals/jair/Gent13,
  author    = {Ian P. Gent},
  title     = {Optimal Implementation of Watched Literals and More General Techniques},
  journal   = {J. Artif. Intell. Res.},
  volume    = {48},
  pages     = {231--251},
  year      = {2013},
  url       = {https://doi.org/10.1613/jair.4016},
  timestamp = {Mon, 21 Jan 2019 15:01:17 +0100},
  biburl    = {https://dblp.org/rec/bib/journals/jair/Gent13},
  bibsource = {dblp computer science bibliography, https://dblp.org}
}

@inproceedings{DBLP:conf/sat/EenS03,
  author    = {Niklas E{\'{e}}n and
               Niklas S{\"{o}}rensson},
  title     = {An Extensible SAT-solver},
  booktitle = {Theory and Applications of Satisfiability Testing, 6th International
               Conference, {SAT} 2003. Santa Margherita Ligure, Italy, May 5-8, 2003
               Selected Revised Papers},
  pages     = {502--518},
  year      = {2003},
  url       = {https://doi.org/10.1007/978-3-540-24605-3_37},
  timestamp = {Wed, 14 Nov 2018 10:58:46 +0100},
  biburl    = {https://dblp.org/rec/bib/conf/sat/EenS03},
  bibsource = {dblp computer science bibliography, https://dblp.org}
}

@article{een2003temporal,
  title={Temporal induction by incremental SAT solving},
  author={E{\'e}n, Niklas and S{\"o}rensson, Niklas},
  journal={Electronic Notes in Theoretical Computer Science},
  volume={89},
  number={4},
  pages={543--560},
  year={2003},
  publisher={Elsevier}
}

@inproceedings{nadel2014ultimately,
  title={Ultimately incremental SAT},
  author={Nadel, Alexander and Ryvchin, Vadim and Strichman, Ofer},
  booktitle={International Conference on Theory and Applications of Satisfiability Testing},
  pages={206--218},
  year={2014},
  organization={Springer}
}

@inproceedings{nadel2012preprocessing,
  title={Preprocessing in incremental SAT},
  author={Nadel, Alexander and Ryvchin, Vadim and Strichman, Ofer},
  booktitle={International Conference on Theory and Applications of Satisfiability Testing},
  pages={256--269},
  year={2012},
  organization={Springer}
}

@article{belov2012muser2,
  title={MUSer2: An efficient MUS extractor},
  author={Belov, Anton and Marques-Silva, Joao},
  journal={Journal on Satisfiability, Boolean Modeling and Computation},
  volume={8},
  pages={123--128},
  year={2012}
}

@inproceedings{davies2013postponing,
  title={Postponing optimization to speed up MAXSAT solving},
  author={Davies, Jessica and Bacchus, Fahiem},
  booktitle={International Conference on Principles and Practice of Constraint Programming},
  pages={247--262},
  year={2013},
  organization={Springer}
}

@article{van2011reusing,
  title={Reusing the assignment trail in cdcl solvers},
  author={Van Der Tak, Peter and Ramos, Antonio and Heule, Marijn},
  journal={Journal on Satisfiability, Boolean Modeling and Computation},
  volume={7},
  pages={133--138},
  year={2011}
}

@inproceedings{DBLP:conf/sat/AudemardLS13,
  author    = {Gilles Audemard and
               Jean{-}Marie Lagniez and
               Laurent Simon},
  title     = {Improving Glucose for Incremental {SAT} Solving with Assumptions:
               Application to {MUS} Extraction},
  booktitle = {Theory and Applications of Satisfiability Testing - {SAT} 2013 - 16th
               International Conference, Helsinki, Finland, July 8-12, 2013. Proceedings},
  pages     = {309--317},
  year      = {2013},
  url       = {https://doi.org/10.1007/978-3-642-39071-5_23},
  timestamp = {Thu, 15 Jun 2017 21:39:14 +0200},
  biburl    = {https://dblp.org/rec/bib/conf/sat/AudemardLS13},
  bibsource = {dblp computer science bibliography, https://dblp.org}
}
                  
@InCollection{lingeling2018,
  author =       {Biere, Armin},
  title =        {CaDiCaL, Lingeling, Plingeling, Treengeling and YalSAT Entering the SAT Competition 2018},
  booktitle =    {Proceedings of SAT COMPETITION 2018 Solver and Benchmark Descriptions},
  publisher = {University of Helsinki},
  year =      2018,
  editor =    {Heule, Marijn J. H. and Järvisalo, Matti and Suda, Martin},
  annote =    {\urlhttp://hdl.handle.net/10138/237063}}
}

@InCollection{CryptoMiniSat2018,
  author =       {Soos, Mate},
  title =        {The CryptoMiniSat 5.5 set of solvers at the SAT Competition 2018},
  booktitle =    {Proceedings of SAT COMPETITION 2018 Solver and Benchmark Descriptions},
  publisher = {University of Helsinki},
  year =      2018,
  editor =    {Heule, Marijn J. H. and Järvisalo, Matti and Suda, Martin},
  annote =    {\urlhttp://hdl.handle.net/10138/237063}}
}

@InCollection{rc2,
title = {RC2: a Python-based MaxSAT Solver},
author = {Ignatiev, Alexey and Morgado, Antonio and Marques-Silva, Joao},
booktitle = {MaxSAT Evaluation 2018 Solver and Benchmark Descriptions},
editor = {Fahiem Bacchus and Matti J\"arvisalo and Ruben Martins},
year = {2018},
publisher = {University of Helsinki},
annote =    {http://hdl.handle.net/10138/237139}
}
                  
@incollection{DBLP:series/faia/SilvaLM09,
  author    = {Jo{\~{a}}o P. Marques Silva and
               In{\^{e}}s Lynce and
               Sharad Malik},
  title     = {Conflict-Driven Clause Learning {SAT} Solvers},
  booktitle = {Handbook of Satisfiability},
  pages     = {131--153},
  year      = {2009},
  url       = {https://doi.org/10.3233/978-1-58603-929-5-131},
  timestamp = {Fri, 09 Jun 2017 11:04:28 +0200},
  biburl    = {https://dblp.org/rec/bib/series/faia/SilvaLM09},
  publisher = {IOS Press},
  bibsource = {dblp computer science bibliography, https://dblp.org}
}



@article{biere2003bounded,
  title={Bounded model checking.},
  author={Biere, Armin and Cimatti, Alessandro and Clarke, Edmund M and Strichman, Ofer and Zhu, Yunshan and others},
  journal={Advances in computers},
  volume={58},
  number={11},
  pages={117--148},
  year={2003}
}

@article{li2009maxsat,
  title={MaxSAT, Hard and Soft Constraints.},
  author={Li, Chu Min and Manya, Felip},
  journal={Handbook of satisfiability},
  volume={185},
  pages={613--631},
  year={2009}
}

@inproceedings{bradley2011sat,
  title={SAT-based model checking without unrolling},
  author={Bradley, Aaron R},
  booktitle={International Workshop on Verification, Model Checking, and Abstract Interpretation},
  pages={70--87},
  year={2011},
  organization={Springer}
}

@inproceedings{davies2011solving,
  title={Solving MAXSAT by solving a sequence of simpler SAT instances},
  author={Davies, Jessica and Bacchus, Fahiem},
  booktitle={International conference on principles and practice of constraint programming},
  pages={225--239},
  year={2011},
  organization={Springer}
}

@article{ignatiev2018rc2,
  title={RC2: a Python-based MaxSAT Solver},
  author={Ignatiev, Alexey and Morgado, Antonio and Marques-Silva, Joao},
  journal={MaxSAT Evaluation 2018},
  pages={22}
}

@inproceedings{audemard2009predicting,
  title={Predicting Learnt Clauses Quality in Modern SAT Solvers.},
  author={Audemard, Gilles and Simon, Laurent},
  booktitle={IJCAI},
  volume={9},
  pages={399--404},
  year={2009}
}

@article{DBLP:journals/jsat/TakRH11,
  author    = {Peter van der Tak and
               Antonio Ramos and
               Marijn Heule},
  title     = {Reusing the Assignment Trail in {CDCL} Solvers},
  journal   = {{JSAT}},
  volume    = {7},
  number    = {4},
  pages     = {133--138},
  year      = {2011},
  url       = {https://satassociation.org/jsat/index.php/jsat/article/view/89},
  timestamp = {Tue, 17 Apr 2018 11:13:04 +0200},
  biburl    = {https://dblp.org/rec/bib/journals/jsat/TakRH11},
  bibsource = {dblp computer science bibliography, https://dblp.org}
}

@Misc{maxsatEvaluations,
  title =     {MaxSat Evaluation Series: 2006-2016 \url{http://www.maxsat.udl.cat/}, 2017-2018 \url{https://maxsat-evaluations.github.io/}}
  }

@inproceedings{DBLP:conf/sat/KatebiSS11,
  author    = {Hadi Katebi and
               Karem A. Sakallah and
               Jo{\~{a}}o P. Marques Silva},
  editor    = {Karem A. Sakallah and
               Laurent Simon},
  title     = {Empirical Study of the Anatomy of Modern Sat Solvers},
  booktitle = {Theory and Applications of Satisfiability Testing - {SAT} 2011 - 14th
               International Conference, {SAT} 2011, Ann Arbor, MI, USA, June 19-22,
               2011. Proceedings},
  series    = {Lecture Notes in Computer Science},
  volume    = {6695},
  pages     = {343--356},
  publisher = {Springer},
  year      = {2011},
  url       = {https://doi.org/10.1007/978-3-642-21581-0\_27},
  doi       = {10.1007/978-3-642-21581-0\_27},
  timestamp = {Tue, 14 May 2019 10:00:41 +0200},
  biburl    = {https://dblp.org/rec/bib/conf/sat/KatebiSS11},
  bibsource = {dblp computer science bibliography, https://dblp.org}
}

@inproceedings{DBLP:conf/iccad/ZhangMMM01,
  author    = {Lintao Zhang and
               Conor F. Madigan and
               Matthew W. Moskewicz and
               Sharad Malik},
  editor    = {Rolf Ernst},
  title     = {Efficient Conflict Driven Learning in Boolean Satisfiability Solver},
  booktitle = {Proceedings of the 2001 {IEEE/ACM} International Conference on Computer-Aided
               Design, {ICCAD} 2001, San Jose, CA, USA, November 4-8, 2001},
  pages     = {279--285},
  publisher = {{IEEE} Computer Society},
  year      = {2001},
  url       = {https://doi.org/10.1109/ICCAD.2001.968634},
  doi       = {10.1109/ICCAD.2001.968634},
  timestamp = {Wed, 16 Oct 2019 14:14:49 +0200},
  biburl    = {https://dblp.org/rec/bib/conf/iccad/ZhangMMM01},
  bibsource = {dblp computer science bibliography, https://dblp.org}
}

@inproceedings{DBLP:conf/iccad/SilvaS96,
  author    = {Jo{\~{a}}o P. Marques Silva and
               Karem A. Sakallah},
  editor    = {Rob A. Rutenbar and
               Ralph H. J. M. Otten},
  title     = {{GRASP} - a new search algorithm for satisfiability},
  booktitle = {Proceedings of the 1996 {IEEE/ACM} International Conference on Computer-Aided
               Design, {ICCAD} 1996, San Jose, CA, USA, November 10-14, 1996},
  pages     = {220--227},
  publisher = {{IEEE} Computer Society / {ACM}},
  year      = {1996},
  url       = {https://doi.org/10.1109/ICCAD.1996.569607},
  doi       = {10.1109/ICCAD.1996.569607},
  timestamp = {Wed, 16 Oct 2019 14:14:49 +0200},
  biburl    = {https://dblp.org/rec/bib/conf/iccad/SilvaS96},
  bibsource = {dblp computer science bibliography, https://dblp.org}
}

@article{DBLP:journals/tc/Marques-SilvaS99,
  author    = {Jo{\~{a}}o P. Marques Silva and
               Karem A. Sakallah},
  title     = {{GRASP:} {A} Search Algorithm for Propositional Satisfiability},
  journal   = {{IEEE} Trans. Computers},
  volume    = {48},
  number    = {5},
  pages     = {506--521},
  year      = {1999},
  url       = {https://doi.org/10.1109/12.769433},
  doi       = {10.1109/12.769433},
  timestamp = {Wed, 14 Nov 2018 10:48:33 +0100},
  biburl    = {https://dblp.org/rec/bib/journals/tc/Marques-SilvaS99},
  bibsource = {dblp computer science bibliography, https://dblp.org}
}

@inproceedings{DBLP:conf/aaai/BayardoS97,
  author    = {Roberto J. Bayardo Jr. and
               Robert Schrag},
  editor    = {Benjamin Kuipers and
               Bonnie L. Webber},
  title     = {Using {CSP} Look-Back Techniques to Solve Real-World {SAT} Instances},
  booktitle = {Proceedings of the Fourteenth National Conference on Artificial Intelligence
               and Ninth Innovative Applications of Artificial Intelligence Conference,
               {AAAI} 97, {IAAI} 97, July 27-31, 1997, Providence, Rhode Island,
               {USA}},
  pages     = {203--208},
  publisher = {{AAAI} Press / The {MIT} Press},
  year      = {1997},
  url       = {http://www.aaai.org/Library/AAAI/1997/aaai97-032.php},
  timestamp = {Tue, 19 Jun 2018 18:22:13 +0200},
  biburl    = {https://dblp.org/rec/bib/conf/aaai/BayardoS97},
  bibsource = {dblp computer science bibliography, https://dblp.org}
}

@inproceedings{DBLP:conf/dac/MoskewiczMZZM01,
  author    = {Matthew W. Moskewicz and
               Conor F. Madigan and
               Ying Zhao and
               Lintao Zhang and
               Sharad Malik},
  title     = {Chaff: Engineering an Efficient {SAT} Solver},
  booktitle = {Proceedings of the 38th Design Automation Conference, {DAC} 2001,
               Las Vegas, NV, USA, June 18-22, 2001},
  pages     = {530--535},
  publisher = {{ACM}},
  year      = {2001},
  url       = {https://doi.org/10.1145/378239.379017},
  doi       = {10.1145/378239.379017},
  timestamp = {Wed, 14 Nov 2018 10:58:37 +0100},
  biburl    = {https://dblp.org/rec/bib/conf/dac/MoskewiczMZZM01},
  bibsource = {dblp computer science bibliography, https://dblp.org}
}

@inproceedings{DBLP:conf/sat/SorenssonB09,
  author    = {Niklas S{\"{o}}rensson and
               Armin Biere},
  editor    = {Oliver Kullmann},
  title     = {Minimizing Learned Clauses},
  booktitle = {Theory and Applications of Satisfiability Testing - {SAT} 2009, 12th
               International Conference, {SAT} 2009, Swansea, UK, June 30 - July
               3, 2009. Proceedings},
  series    = {Lecture Notes in Computer Science},
  volume    = {5584},
  pages     = {237--243},
  publisher = {Springer},
  year      = {2009},
  url       = {https://doi.org/10.1007/978-3-642-02777-2\_23},
  doi       = {10.1007/978-3-642-02777-2\_23},
  timestamp = {Mon, 16 Sep 2019 15:30:17 +0200},
  biburl    = {https://dblp.org/rec/bib/conf/sat/SorenssonB09},
  bibsource = {dblp computer science bibliography, https://dblp.org}
}